<?xml version="1.0" encoding="UTF-8"?><collection xmlns="http://www.loc.gov/MARC21/slim"><record><leader>00334nam--2200121-i-4500</leader><controlfield tag="001">000049455</controlfield><controlfield tag="002">20161230</controlfield><controlfield tag="005">20161230201047</controlfield><controlfield tag="008">060222s1000------------r-----000-0-eng-d</controlfield><datafield ind1=" " ind2=" " tag="100"><subfield code="a">Alekseev,V.N</subfield></datafield><datafield ind1=" " ind2=" " tag="245"><subfield code="a">Kachestvennyi analiz v kachestve uchebnogo posobiia dlia nehimicheskih vuzov i fak</subfield></datafield><datafield ind1=" " ind2=" " tag="260"><subfield code="a">Moskva, 1953. 479 C</subfield></datafield><datafield ind1=" " ind2=" " tag="852"><subfield code="a">1560</subfield></datafield></record></collection>